@article{GANfather,
  author  = {Giles, Martin},
  title   = {The {GANfather}: The man who's given machines the gift of imagination},
  month   = {Feb.},
  year    = {2018},
  url     = {https://www.technologyreview.com/2018/02/21/145289/the-ganfather-the-man-whos-given-machines-the-gift-of-imagination/},
  journal = {MIT Technology Review}
}

@article{latent-diffusion,
  author  = {Braithwaite, Louise and Kontaratou, Antonia},
  title   = {Text-to-image: latent diffusion models},
  month   = {Apr.},
  year    = {2024},
  url     = {https://nicd.org.uk/knowledge-hub/image-to-text-latent-diffusion-models},
  journal = {National Innovation Centre for Data}
}

@misc{sightengine,
  author = {sightengine},
  title  = {Detect {AI}-generated images at scale},
  url    = {https://sightengine.com/detect-ai-generated-images},
  note   = {Accessed: 2025-02-07}
}

@misc{he2021spectrumdetectingdeepfakesresynthesis,
  title         = {Beyond the Spectrum: Detecting Deepfakes via Re-Synthesis},
  author        = {Yang He and Ning Yu and Margret Keuper and Mario Fritz},
  year          = {2021},
  eprint        = {2105.14376},
  archiveprefix = {arXiv},
  primaryclass  = {cs.CV},
  url           = {https://arxiv.org/abs/2105.14376}
}

@misc{li2024adversarialaiartunderstandinggeneration,
  title         = {The Adversarial {AI}-Art: Understanding, Generation, Detection, and Benchmarking},
  author        = {Yuying Li and Zeyan Liu and Junyi Zhao and Liangqin Ren and Fengjun Li and Jiebo Luo and Bo Luo},
  year          = {2024},
  eprint        = {2404.14581},
  archiveprefix = {arXiv},
  primaryclass  = {cs.CV},
  url           = {https://arxiv.org/abs/2404.14581}
}

@misc{radford2021learningtransferablevisualmodels,
  title         = {Learning Transferable Visual Models From Natural Language Supervision},
  author        = {Alec Radford and Jong Wook Kim and Chris Hallacy and Aditya Ramesh and Gabriel Goh and Sandhini Agarwal and Girish Sastry and Amanda Askell and Pamela Mishkin and Jack Clark and Gretchen Krueger and Ilya Sutskever},
  year          = {2021},
  eprint        = {2103.00020},
  archiveprefix = {arXiv},
  primaryclass  = {cs.CV},
  url           = {https://arxiv.org/abs/2103.00020}
}

@misc{moskowitz2024detectingaigeneratedimagesclip,
  title         = {Detecting {AI}-Generated Images via {CLIP}},
  author        = {A. G. Moskowitz and T. Gaona and J. Peterson},
  year          = {2024},
  eprint        = {2404.08788},
  archiveprefix = {arXiv},
  primaryclass  = {cs.CV},
  url           = {https://arxiv.org/abs/2404.08788}
}

@misc{cozzolino2024raisingbaraigeneratedimage,
  title         = {Raising the Bar of {AI}-generated Image Detection with {CLIP}},
  author        = {Davide Cozzolino and Giovanni Poggi and Riccardo Corvi and Matthias Nießner and Luisa Verdoliva},
  year          = {2024},
  eprint        = {2312.00195},
  archiveprefix = {arXiv},
  primaryclass  = {cs.CV},
  url           = {https://arxiv.org/abs/2312.00195}
}

@misc{cozzolino2024zeroshotdetectionaigeneratedimages,
  title         = {Zero-Shot Detection of {AI}-Generated Images},
  author        = {Davide Cozzolino and Giovanni Poggi and Matthias Nießner and Luisa Verdoliva},
  year          = {2024},
  eprint        = {2409.15875},
  archiveprefix = {arXiv},
  primaryclass  = {cs.CV},
  url           = {https://arxiv.org/abs/2409.15875}
}

@misc{wang2020cnngeneratedimagessurprisinglyeasy,
  title         = {{CNN}-generated images are surprisingly easy to spot... for now},
  author        = {Sheng-Yu Wang and Oliver Wang and Richard Zhang and Andrew Owens and Alexei A. Efros},
  year          = {2020},
  eprint        = {1912.11035},
  archiveprefix = {arXiv},
  primaryclass  = {cs.CV},
  url           = {https://arxiv.org/abs/1912.11035}
}
@article{griffinholubperona2022,
  author  = {Griffin, Gregory and Holub, Alex and Perona, Pietro},
  year    = {2007},
  month   = {03},
  pages   = {},
  title   = {Caltech-256 Object Category Dataset},
  journal = {CalTech Report}
}

@misc{chuangchuangtanGANGenDetection,
  author    = {Chuangchuang Tan and Renshuai Tao and Huan Liu and Yao Zhao},
  title     = {GANGen-Detection: A Dataset generated by GANs for Generalizable deepfake Detection},
  year      = {2024},
  publisher = {GitHub},
  url       = {https://github.com/chuangchuangtan/GANGen-Detection}
}

@misc{stable-diffusion-100k-custom-prompts-and-images,
  author = {RS Turley},
  title  = {Stable Diffusion 100k Custom Prompts and Images},
  year   = {2023},
  url    = {https://www.kaggle.com/datasets/rturley/stable-diffusion-100k-custom-prompts-and-images/data}
}

@article{Kuznetsova_2020,
  title     = {The Open Images Dataset V4: Unified Image Classification, Object Detection, and Visual Relationship Detection at Scale},
  volume    = {128},
  issn      = {1573-1405},
  url       = {http://dx.doi.org/10.1007/s11263-020-01316-z},
  doi       = {10.1007/s11263-020-01316-z},
  number    = {7},
  journal   = {International Journal of Computer Vision},
  publisher = {Springer Science and Business Media LLC},
  author    = {Kuznetsova, Alina and Rom, Hassan and Alldrin, Neil and Uijlings, Jasper and Krasin, Ivan and Pont-Tuset, Jordi and Kamali, Shahab and Popov, Stefan and Malloci, Matteo and Kolesnikov, Alexander and Duerig, Tom and Ferrari, Vittorio},
  year      = {2020},
  month     = {Mar},
  pages     = {1956-1981}
}

@inproceedings{5206848,
  author    = {Deng, Jia and Dong, Wei and Socher, Richard and Li, Li-Jia and Kai Li and Li Fei-Fei},
  booktitle = {2009 IEEE Conference on Computer Vision and Pattern Recognition},
  title     = {ImageNet: A large-scale hierarchical image database},
  year      = {2009},
  volume    = {},
  number    = {},
  pages     = {248-255},
  keywords  = {Large-scale systems;Image databases;Explosions;Internet;Robustness;Information retrieval;Image retrieval;Multimedia databases;Ontologies;Spine},
  doi       = {10.1109/CVPR.2009.5206848}
}

@misc{lin2015microsoft,
  title         = {Microsoft COCO: Common Objects in Context},
  author        = {Tsung-Yi Lin and Michael Maire and Serge Belongie and Lubomir Bourdev and Ross Girshick and James Hays and Pietro Perona and Deva Ramanan and C. Lawrence Zitnick and Piotr Dollár},
  year          = {2015},
  eprint        = {1405.0312},
  archiveprefix = {arXiv},
  primaryclass  = {cs.CV}
}

@misc{corvi2022detectionsyntheticimagesgenerated,
  title         = {On the detection of synthetic images generated by diffusion models},
  author        = {Riccardo Corvi and Davide Cozzolino and Giada Zingarini and Giovanni Poggi and Koki Nagano and Luisa Verdoliva},
  year          = {2022},
  eprint        = {2211.00680},
  archiveprefix = {arXiv},
  primaryclass  = {cs.CV},
  url           = {https://arxiv.org/abs/2211.00680}
}

@misc{ojha2024universalfakeimagedetectors,
  title         = {Towards Universal Fake Image Detectors that Generalize Across Generative Models},
  author        = {Utkarsh Ojha and Yuheng Li and Yong Jae Lee},
  year          = {2024},
  eprint        = {2302.10174},
  archiveprefix = {arXiv},
  primaryclass  = {cs.CV},
  url           = {https://arxiv.org/abs/2302.10174}
}

@misc{brock2019largescalegantraining,
  title         = {Large Scale GAN Training for High Fidelity Natural Image Synthesis},
  author        = {Andrew Brock and Jeff Donahue and Karen Simonyan},
  year          = {2019},
  eprint        = {1809.11096},
  archiveprefix = {arXiv},
  primaryclass  = {cs.LG},
  url           = {https://arxiv.org/abs/1809.11096}
}

@misc{zhu2020unpairedimagetoimagetranslationusing,
  title         = {Unpaired Image-to-Image Translation using Cycle-Consistent Adversarial Networks},
  author        = {Jun-Yan Zhu and Taesung Park and Phillip Isola and Alexei A. Efros},
  year          = {2020},
  eprint        = {1703.10593},
  archiveprefix = {arXiv},
  primaryclass  = {cs.CV},
  url           = {https://arxiv.org/abs/1703.10593}
}

@misc{karras2020analyzingimprovingimagequality,
  title         = {Analyzing and Improving the Image Quality of StyleGAN},
  author        = {Tero Karras and Samuli Laine and Miika Aittala and Janne Hellsten and Jaakko Lehtinen and Timo Aila},
  year          = {2020},
  eprint        = {1912.04958},
  archiveprefix = {arXiv},
  primaryclass  = {cs.CV},
  url           = {https://arxiv.org/abs/1912.04958}
}

@misc{dall-e,
  title     = {{DALL·E}: Creating images from text},
  publisher = {OpenAI},
  year      = {2021},
  url       = {https://openai.com/index/dall-e/}
}

@misc{dreamstudio,
  title = {DreamStudio},
  url   = {https://beta.dreamstudio.ai/}
}

@article{dosovitskiy2020image,
  title   = {An image is worth 16x16 words: Transformers for image recognition at scale},
  author  = {Dosovitskiy, Alexey and Beyer, Lucas and Kolesnikov, Alexander and Weissenborn, Dirk and Zhai, Xiaohua and Unterthiner, Thomas and Dehghani, Mostafa and Minderer, Matthias and Heigold, Georg and Gelly, Sylvain and others},
  journal = {arXiv preprint arXiv:2010.11929},
  year    = {2020}
}

@inproceedings{tan2019efficientnet,
  title        = {Efficientnet: Rethinking model scaling for convolutional neural networks},
  author       = {Tan, Mingxing and Le, Quoc},
  booktitle    = {International conference on machine learning},
  pages        = {6105--6114},
  year         = {2019},
  organization = {PMLR}
}

@inproceedings{akiba2019optuna,
  title     = {Optuna: A next-generation hyperparameter optimization framework},
  author    = {Akiba, Takuya and Sano, Shotaro and Yanase, Toshihiko and Ohta, Takeru and Koyama, Masanori},
  booktitle = {Proceedings of the 25th ACM SIGKDD international conference on knowledge discovery \& data mining},
  pages     = {2623--2631},
  year      = {2019}
}

@misc{Idrees_2024,
  title     = {Vision Transformer vs. CNN: A comparison of two image processing giants},
  journal   = {Medium},
  publisher = {Medium},
  author    = {Idrees, Hassaan},
  year      = {2024},
  month     = {Sep}
} 

<<<<<<< HEAD
@article{Mubarak2023,
  author  = {Rami Mubarak and Tariq Alsboui and Omar Alshaikh and Isa Inuwa-Dutse and Saad Khan and Simon Parkinson},
  title   = {A Survey on the Detection and Impacts of Deepfakes in Visual, Audio, and Textual Formats},
  journal = {IEEE Access},
  year    = {2023},
  volume  = {11},
  doi     = {10.1109/ACCESS.2023.3344653},
  url     = {https://ieeexplore.ieee.org/stamp/stamp.jsp?arnumber=10365143},
  note    = {Received 6 December 2023, Accepted 17 December 2023, Published 18 December 2023, Current Version 27 December 2023}
}

@article{digitalcontent2024trust,
  author    = {{Digital Content Next}},
  title     = {Not Disclosing AI-Generated Content Negatively Impacts Trust},
  journal   = {Digital Content Next},
  month     = {Mar.},
  year      = {2024},
  url       = {https://digitalcontentnext.org/blog/2024/03/05/not-disclosing-ai-generated-content-negatively-impacts-trust/},
  note      = {Accessed: 2025-03-07}
}

@misc{Guardian2023,
  author       = {{The Guardian}},
  title        = {{‘It’s the Opposite of Art’: Why Illustrators Are Furious About AI}},
  howpublished = {The Guardian},
  year         = {2023},
  month        = {January},
  url          = {https://www.theguardian.com/artanddesign/2023/jan/23/its-the-opposite-of-art-why-illustrators-are-furious-about-ai},
  note         = {Accessed: 2025-04-04}
=======
@misc{nichol2022glidephotorealisticimagegeneration,
  title         = {GLIDE: Towards Photorealistic Image Generation and Editing with Text-Guided Diffusion Models},
  author        = {Alex Nichol and Prafulla Dhariwal and Aditya Ramesh and Pranav Shyam and Pamela Mishkin and Bob McGrew and Ilya Sutskever and Mark Chen},
  year          = {2022},
  eprint        = {2112.10741},
  archiveprefix = {arXiv},
  primaryclass  = {cs.CV},
  url           = {https://arxiv.org/abs/2112.10741}
>>>>>>> 3604971 (almost final editing)
}