@article{GANfather,
author = {Giles, Martin},
title = {The GANfather: The man whoâ€™s given machines the gift of imagination},
month = {Feb.},
year = {2018},
url = {https://www.technologyreview.com/2018/02/21/145289/the-ganfather-the-man-whos-given-machines-the-gift-of-imagination/},
journal = {MIT Technology Review}
}