@misc{li2024hierarchicalinformationflowgeneralized,
  title         = {Hierarchical Information Flow for Generalized Efficient Image Restoration},
  author        = {Yawei Li and Bin Ren and Jingyun Liang and Rakesh Ranjan and Mengyuan Liu and Nicu Sebe and Ming-Hsuan Yang and Luca Benini},
  year          = {2024},
  eprint        = {2411.18588},
  archiveprefix = {arXiv},
  primaryclass  = {cs.CV},
  url           = {https://arxiv.org/abs/2411.18588}
}

@article{yan2024sanity,
  title   = {A sanity check for ai-generated image detection},
  author  = {Yan, Shilin and Li, Ouxiang and Cai, Jiayin and Hao, Yanbin and Jiang, Xiaolong and Hu, Yao and Xie, Weidi},
  journal = {arXiv preprint arXiv:2406.19435},
  year    = {2024}
}

@misc{wang2020cnngeneratedimagessurprisinglyeasy,
  title         = {{CNN}-generated images are surprisingly easy to spot... for now},
  author        = {Sheng-Yu Wang and Oliver Wang and Richard Zhang and Andrew Owens and Alexei A. Efros},
  year          = {2020},
  eprint        = {1912.11035},
  archiveprefix = {arXiv},
  primaryclass  = {cs.CV},
  url           = {https://arxiv.org/abs/1912.11035}
}

@misc{cozzolino2024zeroshotdetectionaigeneratedimages,
  title         = {Zero-Shot Detection of {AI}-Generated Images},
  author        = {Davide Cozzolino and Giovanni Poggi and Matthias Nießner and Luisa Verdoliva},
  year          = {2024},
  eprint        = {2409.15875},
  archiveprefix = {arXiv},
  primaryclass  = {cs.CV},
  url           = {https://arxiv.org/abs/2409.15875}
}

@misc{cozzolino2024raisingbaraigeneratedimage,
  title         = {Raising the Bar of {AI}-generated Image Detection with {CLIP}},
  author        = {Davide Cozzolino and Giovanni Poggi and Riccardo Corvi and Matthias Nießner and Luisa Verdoliva},
  year          = {2024},
  eprint        = {2312.00195},
  archiveprefix = {arXiv},
  primaryclass  = {cs.CV},
  url           = {https://arxiv.org/abs/2312.00195}
}
  
@article{zhu2023gendet,
  title={Gendet: Towards good generalizations for ai-generated image detection},
  author={Zhu, Mingjian and Chen, Hanting and Huang, Mouxiao and Li, Wei and Hu, Hailin and Hu, Jie and Wang, Yunhe},
  journal={arXiv preprint arXiv:2312.08880},
  year={2023}
}

@article{rptc,
  title={Rich and Poor Texture Contrast: A Simple yet Effective Approach for AI-generated Image Detection},
  author={Zhong, Nan and Xu, Yiran and Qian, Zhenxing and Zhang, Xinpeng},
  journal={arXiv preprint arXiv:2311.12397},
  year={2023}
}

@article{cnn2025,
  author    = {CNN},
  title     = {Fake {AI} image of {Brad} {Pitt} used to scam woman out of thousands of dollars},
  month     = {Jan.}, 
  year      = {2025},
  url       = {https://www.cnn.com/2025/01/18/entertainment/video/fake-brad-pitt-ai-image-lcl-digvid},
  note      = {Accessed: 2025-02-07}
}

@article{digitalcontent2024trust,
  author    = {{Digital Content Next}},
  title     = {Not Disclosing AI-Generated Content Negatively Impacts Trust},
  journal   = {Digital Content Next},
  month     = {Mar.},
  year      = {2024},
  url       = {https://digitalcontentnext.org/blog/2024/03/05/not-disclosing-ai-generated-content-negatively-impacts-trust/},
  note      = {Accessed: 2025-03-07}
}
@inproceedings{ledig2017,
    title={Photo-Realistic Single Image Super-Resolution Using a Generative Adversarial Network},
    author={Ledig, Christian and Theis, Lucas and Huszar, Ferenc and Caballero, Jose and Cunningham, Andrew and Acosta, Alejandro and Aitken, Alykhan P. and Tejani, Johannes and Totz, Johannes and Shi, Wenzhe and Wang, Zehan},
    booktitle={IEEE Conference on Computer Vision and Pattern Recognition (CVPR 2017)},
    pages={105--114},
    year={2017},
    doi={10.1109/CVPR.2017.19}
}